%%%% GENERAL
@book{Kardar2007statistical,
  title={Statistical Physics of Particles},
  author={Kardar, M.},
  isbn={9781139464871},
  url={https://books.google.com.br/books?id=1WlFhiz5UjwC},
  year={2007},
  publisher={Cambridge University Press}
}

@book{Huang1987statistical,
  title={Statistical mechanics},
  author={Huang, K.},
  isbn={9780471815181},
  lccn={86032466},
  url={https://books.google.com.br/books?id=M8PvAAAAMAAJ},
  year={1987},
  publisher={Wiley}
}

@book{Kubo1992statistical,
  title={Statistical Physics II: Nonequilibrium Statistical Mechanics},
  author={Toda, M. and Kubo, R. and Sait{\=o}, N. and Hashitsume, N.},
  isbn={9783540538332},
  lccn={82005865},
  series={Series C, English Authors},
  url={https://books.google.com.br/books?id=ahrnGNSpsqwC},
  year={1992},
  publisher={Springer Berlin Heidelberg}
}

@book{Gallavotti2008BoltzmannLegacy,
  title={Boltzmann's Legacy},
  author={Gallavotti, G. and Reiter, W.L. and Yngvason, J.},
  isbn={9783037190579},
  lccn={2009417961},
  series={ESI lectures in mathematics and physics},
  url={https://books.google.com.br/books?id=4e4vrOGXNsEC},
  year={2008},
  publisher={European Mathematical Society}
}

@article{ReviewDhar2008,
author = { Dhar, Abhishek },
title = {Heat transport in low-dimensional systems},
journal = {Advances in Physics},
volume = {57},
number = {5},
pages = {457-537},
year = {2008},
doi = {10.1080/00018730802538522},

URL = { 
        http://dx.doi.org/10.1080/00018730802538522
    
}
}



@article{ReviewBonettoLebowitzReyBellet2000,
author = {Bonetto, F and Lebowitz, J. L. and Rey-Bellet, L.},
booktitle = {Mathematical Physics 2000},
chapter = {8},
doi = {10.1142/9781848160224\_0008},
eprint = {0002052},
pages = {128--150},
primaryClass = {math-ph},
publisher = {Word Scientific},
title = {{Fourier's Law: a Challenge for Theorists}},
url = {http://arxiv.org/abs/math-ph/0002052},
year = {2000}
}


@article{ReviewLepriLiviPoliti2003,
author = {Lepri, Stefano and Livi, Roberto and Politi, Antonio},
doi = {10.1016/S0370-1573(02)00558-6},
file = {:home/alfaceor/Documents/Mendeley Desktop/Lepri, Livi, Politi - 2003 - Thermal conduction in classical low-dimensional lattices(2).pdf:pdf},
issn = {03701573},
journal = {Physics Reports},
keywords = {classical lattices,thermal conductivity},
month = apr,
number = {1},
pages = {1--80},
title = {{Thermal conduction in classical low-dimensional lattices}},
url = {http://linkinghub.elsevier.com/retrieve/pii/S0370157302005586},
volume = {377},
year = {2003}
}


@book{LepriBook2016,
  title={Thermal transport in low dimensions: from statistical physics to nanoscale heat transfer},
  author={Lepri, Stefano},
  volume={921},
  year={2016},
  publisher={Springer}
}


@article{BermanIzrailev2005Report,
author = {G. P. Berman and F. M. Izrailev},
title = {The Fermi–Pasta–Ulam problem: Fifty years of progress},
journal = {Chaos: An Interdisciplinary Journal of Nonlinear Science},
volume = {15},
number = {1},
pages = {015104},
year = {2005},
doi = {10.1063/1.1855036},

URL = { 
        http://dx.doi.org/10.1063/1.1855036  
}
}

@article{GiardinaLiviPolitiVassali2000PRL,
  title = {Finite Thermal Conductivity in 1D Lattices},
  author = {Giardin\`a, C. and Livi, R. and Politi, A. and Vassalli, M.},
  journal = {Phys. Rev. Lett.},
  volume = {84},
  issue = {10},
  pages = {2144--2147},
  numpages = {0},
  year = {2000},
  month = {Mar},
  publisher = {American Physical Society},
  doi = {10.1103/PhysRevLett.84.2144},
  url = {https://link.aps.org/doi/10.1103/PhysRevLett.84.2144}
}



@article{GendelmanSavin2000PRL,
  title = {Normal Heat Conductivity of the One-Dimensional Lattice with Periodic Potential of Nearest-Neighbor Interaction},
  author = {Gendelman, O. V. and Savin, A. V.},
  journal = {Phys. Rev. Lett.},
  volume = {84},
  issue = {11},
  pages = {2381--2384},
  numpages = {0},
  year = {2000},
  month = {Mar},
  publisher = {American Physical Society},
  doi = {10.1103/PhysRevLett.84.2381},
  url = {https://link.aps.org/doi/10.1103/PhysRevLett.84.2381}
}

@article{DasDhar2015,
archivePrefix = {arXiv},
arxivId = {arXiv:1411.5247v2},
author = {Das, Suman G and Dhar, Abhishek},
eprint = {arXiv:1411.5247v2},
file = {:home/alfaceor/Dropbox/ceor\_Research\_PHD/Bibliography/Papers/alfaXY\_DasDhar2015\_arXiv.pdf:pdf},
mendeley-groups = {alphaXY\_TwoHB},
number = {2},
title = {{Role of conserved quantities in normal heat transport in one-dimenison}},
year = {2015}
}

@article{ProsenCampbell2000PRL,
  title = {Momentum Conservation Implies Anomalous Energy Transport in 1D Classical Lattices},
  author = {Prosen, Toma\ifmmode \check{z}\else \v{z}\fi{} and Campbell, David K.},
  journal = {Phys. Rev. Lett.},
  volume = {84},
  issue = {13},
  pages = {2857--2860},
  numpages = {0},
  year = {2000},
  month = {Mar},
  publisher = {American Physical Society},
  doi = {10.1103/PhysRevLett.84.2857},
  url = {https://link.aps.org/doi/10.1103/PhysRevLett.84.2857}
}



%%%% LONG RANGE
@article{Anteneodo1998,
  title = {Breakdown of Exponential Sensitivity to Initial Conditions: Role of the Range of Interactions},
  author = {Anteneodo, Celia and Tsallis, Constantino},
  journal = {Phys. Rev. Lett.},
  volume = {80},
  issue = {24},
  pages = {5313--5316},
  numpages = {0},
  year = {1998},
  month = {Jun},
  publisher = {American Physical Society},
  doi = {10.1103/PhysRevLett.80.5313},
  url = {https://link.aps.org/doi/10.1103/PhysRevLett.80.5313}
}




@article{OlivaresAnteneodo2016PRE,
author = {Olivares, Carlos and Anteneodo, Celia},
doi = {10.1103/PhysRevE.94.042117},
issn = {15502376},
journal = {Phys. Rev. E},
number = {4},
pages = {1--5},
title = {{Role of the range of the interactions in thermal conduction}},
volume = {94},
year = {2016}
}


@article{AntunesLevin2015PRE,
  title = {Chaos and relaxation to equilibrium in systems with long-range interactions},
  author = {Antunes, Felipe L. and Benetti, Fernanda P. C. and Pakter, Renato and Levin, Yan},
  journal = {Phys. Rev. E},
  volume = {92},
  issue = {5},
  pages = {052123},
  numpages = {7},
  year = {2015},
  month = {Nov},
  publisher = {American Physical Society},
  doi = {10.1103/PhysRevE.92.052123},
  url = {http://link.aps.org/doi/10.1103/PhysRevE.92.052123}
}

@article{Teles2015PRE,
  title = {Temperature inversion in long-range interacting systems},
  author = {Teles, Tarc\'{\i}sio N. and Gupta, Shamik and Di Cintio, Pierfrancesco and Casetti, Lapo},
  journal = {Phys. Rev. E},
  volume = {92},
  issue = {2},
  pages = {020101},
  numpages = {5},
  year = {2015},
  month = {Aug},
  publisher = {American Physical Society},
  doi = {10.1103/PhysRevE.92.020101},
  url = {http://link.aps.org/doi/10.1103/PhysRevE.92.020101}
}


@article{Miloshevich2015PRE,
  title = {Instabilities and relaxation to equilibrium in long-range oscillator chains},
  author = {Miloshevich, George and Nguenang, Jean-Pierre and Dauxois, Thierry and Khomeriki, Ramaz and Ruffo, Stefano},
  journal = {Phys. Rev. E},
  volume = {91},
  issue = {3},
  pages = {032927},
  numpages = {5},
  year = {2015},
  month = {Mar},
  publisher = {American Physical Society},
  doi = {10.1103/PhysRevE.91.032927},
  url = {http://link.aps.org/doi/10.1103/PhysRevE.91.032927}
}

@article{TamaritAnteneodo2000,
  title = {Rotators with Long-Range Interactions: Connection with the Mean-Field Approximation},
  author = {Tamarit, Francisco and Anteneodo, Celia},
  journal = {Phys. Rev. Lett.},
  volume = {84},
  issue = {2},
  pages = {208--211},
  numpages = {0},
  year = {2000},
  month = {Jan},
  publisher = {American Physical Society},
  doi = {10.1103/PhysRevLett.84.208},
  url = {https://link.aps.org/doi/10.1103/PhysRevLett.84.208}
}


@article{MoyanoAnteneodo2006PRE,
  title = {Diffusive anomalies in a long-range Hamiltonian system},
  author = {Moyano, Luis G. and Anteneodo, Celia},
  journal = {Phys. Rev. E},
  volume = {74},
  issue = {2},
  pages = {021118},
  numpages = {5},
  year = {2006},
  month = {Aug},
  publisher = {American Physical Society},
  doi = {10.1103/PhysRevE.74.021118},
  url = {https://link.aps.org/doi/10.1103/PhysRevE.74.021118}
}


@article{Bagchi2017PRE,
  title = {Thermal transport in the Fermi-Pasta-Ulam model with long-range interactions},
  author = {Bagchi, Debarshee},
  journal = {Phys. Rev. E},
  volume = {95},
  issue = {3},
  pages = {032102},
  numpages = {7},
  year = {2017},
  month = {Mar},
  publisher = {American Physical Society},
  doi = {10.1103/PhysRevE.95.032102},
  url = {https://link.aps.org/doi/10.1103/PhysRevE.95.032102}
}


@article{BarreMukamelRuffo2001PRL,
  title = {Inequivalence of Ensembles in a System with Long-Range Interactions},
  author = {Barr\'e, Julien and Mukamel, David and Ruffo, Stefano},
  journal = {Phys. Rev. Lett.},
  volume = {87},
  issue = {3},
  pages = {030601},
  numpages = {4},
  year = {2001},
  month = {Jun},
  publisher = {American Physical Society},
  doi = {10.1103/PhysRevLett.87.030601},
  url = {https://link.aps.org/doi/10.1103/PhysRevLett.87.030601}
}

@article{CampaDauxoisRuffo2009PhysRep,
title = "Statistical mechanics and dynamics of solvable models with long-range interactions ",
journal = "Physics Reports ",
volume = "480",
number = "3–6",
pages = "57 - 159",
year = "2009",
note = "",
issn = "0370-1573",
doi = "http://dx.doi.org/10.1016/j.physrep.2009.07.001",
url = "http://www.sciencedirect.com/science/article/pii/S0370157309001586",
author = "Alessandro Campa and Thierry Dauxois and Stefano Ruffo",
}

@article{Pereira2013PRE,
  title = {Increasing thermal rectification: Effects of long-range interactions},
  author = {Pereira, Emmanuel and \'Avila, Ricardo R.},
  journal = {Phys. Rev. E},
  volume = {88},
  issue = {3},
  pages = {032139},
  numpages = {6},
  year = {2013},
  month = {Sep},
  publisher = {American Physical Society},
  doi = {10.1103/PhysRevE.88.032139},
  url = {https://link.aps.org/doi/10.1103/PhysRevE.88.032139}
}

@article{AntoniRuffo1995PRE,
  title = {Clustering and relaxation in Hamiltonian long-range dynamics},
  author = {Antoni, Mickael and Ruffo, Stefano},
  journal = {Phys. Rev. E},
  volume = {52},
  issue = {3},
  pages = {2361--2374},
  numpages = {0},
  year = {1995},
  month = {Sep},
  publisher = {American Physical Society},
  doi = {10.1103/PhysRevE.52.2361},
  url = {https://link.aps.org/doi/10.1103/PhysRevE.52.2361}
}





%%%% RELAXATION

@article{Jin2013EquiTherma,
  author={F Jin and T Neuhaus and K Michielsen and S Miyashita and M A Novotny and M I Katsnelson and H De Raedt},
  title={Equilibration and thermalization of classical systems},
  journal={New Journal of Physics},
  volume={15},
  number={3},
  pages={033009},
  url={http://stacks.iop.org/1367-2630/15/i=3/a=033009},
  year={2013},
}
	
@Article{Maiocchi2010,
author="Maiocchi, Alberto Mario
and Carati, Andrea",
title="Relaxation Times for Hamiltonian Systems",
journal="Communications in Mathematical Physics",
year="2010",
volume="297",
number="2",
pages="427--445",
issn="1432-0916",
doi="10.1007/s00220-010-1039-2",
url="http://dx.doi.org/10.1007/s00220-010-1039-2"
}


@article{Lampin2013,
author = {E. Lampin and P. L. Palla and P.-A. Francioso and F. Cleri},
title = {Thermal conductivity from approach-to-equilibrium molecular dynamics},
journal = {Journal of Applied Physics},
volume = {114},
number = {3},
pages = {033525},
year = {2013},
doi = {10.1063/1.4815945},
URL = {http://dx.doi.org/10.1063/1.4815945}
}

@article{ZaouiPallaCleriLampin2016PRB,
  title = {Length dependence of thermal conductivity by approach-to-equilibrium molecular dynamics},
  author = {Zaoui, Hayat and Palla, Pier Luca and Cleri, Fabrizio and Lampin, Evelyne},
  journal = {Phys. Rev. B},
  volume = {94},
  issue = {5},
  pages = {054304},
  numpages = {9},
  year = {2016},
  month = {Aug},
  publisher = {American Physical Society},
  doi = {10.1103/PhysRevB.94.054304},
  url = {https://link.aps.org/doi/10.1103/PhysRevB.94.054304}
}


@article{BagchiTsallis2017,
title = "Long-ranged Fermi–Pasta–Ulam systems in thermal contact: Crossover from q-statistics to Boltzmann–Gibbs statistics ",
journal = "Physics Letters A ",
volume = "381",
number = "13",
pages = "1123 - 1128",
year = "2017",
note = "",
issn = "0375-9601",
doi = "http://doi.org/10.1016/j.physleta.2017.01.057",
url = "http://www.sciencedirect.com/science/article/pii/S0375960116321065",
author = "Debarshee Bagchi and Constantino Tsallis",
keywords = "Relaxation",
keywords = "Fermi–Pasta–Ulam",
keywords = "Long-range interactions",
keywords = "q-statistics ",
}



@article{GendelmanSavin2010PRE,
  title = {Nonstationary heat conduction in one-dimensional chains with conserved momentum},
  author = {Gendelman, Oleg V. and Savin, Alexander V.},
  journal = {Phys. Rev. E},
  volume = {81},
  issue = {2},
  pages = {020103},
  numpages = {4},
  year = {2010},
  month = {Feb},
  publisher = {American Physical Society},
  doi = {10.1103/PhysRevE.81.020103},
  url = {http://link.aps.org/doi/10.1103/PhysRevE.81.020103}
}


@article{Lepri1998PRE,
  title = {Relaxation of classical many-body Hamiltonians in one dimension},
  author = {Lepri, Stefano},
  journal = {Phys. Rev. E},
  volume = {58},
  issue = {6},
  pages = {7165--7171},
  numpages = {0},
  year = {1998},
  month = {Dec},
  publisher = {American Physical Society},
  doi = {10.1103/PhysRevE.58.7165},
  url = {http://link.aps.org/doi/10.1103/PhysRevE.58.7165}
}

@article{Piazza2001,
  author={F Piazza and S Lepri and R Livi},
  title={Slow energy relaxation and localization in 1D lattices},
  journal={Journal of Physics A: Mathematical and General},
  volume={34},
  number={46},
  pages={9803},
  url={http://stacks.iop.org/0305-4470/34/i=46/a=304},
  year={2001}
}


@article{MukamelRuffoSchreiber2005,
  title = {Breaking of Ergodicity and Long Relaxation Times in Systems with Long-Range Interactions},
  author = {Mukamel, D. and Ruffo, S. and Schreiber, N.},
  journal = {Phys. Rev. Lett.},
  volume = {95},
  issue = {24},
  pages = {240604},
  numpages = {4},
  year = {2005},
  month = {Dec},
  publisher = {American Physical Society},
  doi = {10.1103/PhysRevLett.95.240604},
  url = {https://link.aps.org/doi/10.1103/PhysRevLett.95.240604}
}

@article{Livi1985PRA,
  title = {Equipartition threshold in nonlinear large Hamiltonian systems: The Fermi-Pasta-Ulam model},
  author = {Livi, Roberto and Pettini, Marco and Ruffo, Stefano and Sparpaglione, Massimo and Vulpiani, Angelo},
  journal = {Phys. Rev. A},
  volume = {31},
  issue = {2},
  pages = {1039--1045},
  numpages = {0},
  year = {1985},
  month = {Feb},
  publisher = {American Physical Society},
  doi = {10.1103/PhysRevA.31.1039},
  url = {https://link.aps.org/doi/10.1103/PhysRevA.31.1039}
}



%%%% OTHERS
@article{Dauxois2008PhysToday,
  year  = {2008},
  month = {jan},
  publisher = {{AIP} Publishing},
  volume = {61},
  number = {1},
  pages = {55--57},
  author = {Thierry Dauxois},
  title = {Fermi,  Pasta,  Ulam,  and a mysterious lady},
  journal = {Physics Today}
}

@article{Yoshida1990,
title = "Construction of higher order symplectic integrators",
journal = "Physics Letters A",
volume = "150",
number = "5",
pages = "262 - 268",
year = "1990",
note = "",
issn = "0375-9601",
doi = "http://dx.doi.org/10.1016/0375-9601(90)90092-3",
url = "http://www.sciencedirect.com/science/article/pii/0375960190900923",
author = "Haruo Yoshida",
}

@article{Pettini2005Chaos,
author = {Pettini, Marco and Casetti, Lapo and Cerruti-Sola, Monica and Franzosi, Roberto and Cohen, E G D},
doi = {10.1063/1.1849131},
journal = {Chaos: An Interdisciplinary Journal of Nonlinear Science},
number = {1},
pages = {15106},
title = {{Weak and strong chaos in Fermi–Pasta–Ulam models and beyond}},
url = {http://dx.doi.org/10.1063/1.1849131},
volume = {15},
year = {2005}
}



@Article{Escande1994,
author="Escande, Dominique
and Kantz, Holger
and Livi, Roberto
and Ruffo, Stefano",
title="Self-consistent check of the validity of Gibbs calculus using dynamical variables",
journal="Journal of Statistical Physics",
year="1994",
volume="76",
number="1",
pages="605--626",
issn="1572-9613",
doi="10.1007/BF02188677",
url="http://dx.doi.org/10.1007/BF02188677"
}

