@FOOTNOTE{Note1,key="Note1",note="Due to the periodic boundary conditions the central particles could be any contiguous particles."}
