% This file was created with JabRef 2.10.
% Encoding: UTF-8


@Book{allen1989computer,
  Title                    = {Computer Simulation of Liquids},
  Author                   = {Allen, M.P. and Tildesley, D.J.},
  Publisher                = {Clarendon Press},
  Year                     = {1989},
  Series                   = {Oxford Science Publ},

  ISBN                     = {9780198556459},
  Lccn                     = {87001555},
  Url                      = {https://books.google.com.br/books?id=O32VXB9e5P4C}
}

@Article{Anteneodo1998,
  Title                    = {Breakdown of Exponential Sensitivity to Initial Conditions: Role of the Range of Interactions},
  Author                   = {Anteneodo, Celia and Tsallis, Constantino},
  Journal                  = {Phys. Rev. Lett.},
  Year                     = {1998},

  Month                    = {Jun},
  Pages                    = {5313--5316},
  Volume                   = {80},

  Doi                      = {10.1103/PhysRevLett.80.5313},
  Issue                    = {24},
  Numpages                 = {0},
  Publisher                = {American Physical Society},
  Url                      = {https://link.aps.org/doi/10.1103/PhysRevLett.80.5313}
}

@Article{AnteneodoVallejos2004,
  Title                    = {Vlasov stability of the Hamiltonian mean field model},
  Author                   = {Celia Anteneodo and Ra\'{u}l O. Vallejos},
  Journal                  = {Physica A: Statistical Mechanics and its Applications},
  Year                     = {2004},
  Note                     = {Proceedings of the International Workshop on 'Trends and perspectives in extensive and non-extensive statistical mechanics', in honor of the 60th birthday of Constantino Tsallis},
  Number                   = {3},
  Pages                    = {383 - 392},
  Volume                   = {344},

  Doi                      = {http://dx.doi.org/10.1016/j.physa.2004.06.006},
  ISSN                     = {0378-4371},
  Keywords                 = {Long-range interactions},
  Url                      = {http://www.sciencedirect.com/science/article/pii/S0378437104007691}
}

@Article{Antoni1995,
  Title                    = {Clustering and relaxation in Hamiltonian long-range dynamics},
  Author                   = {Antoni, Mickael and Ruffo, Stefano},
  Journal                  = {Phys. Rev. E},
  Year                     = {1995},

  Month                    = {Sep},
  Pages                    = {2361--2374},
  Volume                   = {52},

  Doi                      = {10.1103/PhysRevE.52.2361},
  Issue                    = {3},
  Numpages                 = {0},
  Publisher                = {American Physical Society},
  Url                      = {https://link.aps.org/doi/10.1103/PhysRevE.52.2361}
}

@Article{Aoki2001,
  Title                    = {{Fermi-Pasta-Ulam $\beta$ Model: Boundary Jumps, Fouriers's Law, and Scaling}},
  Author                   = {Aoki, Kenichiro and Kusnezov, Dimitri},
  Journal                  = {Physical Review Letters},
  Year                     = {2001},

  Month                    = apr,
  Number                   = {18},
  Pages                    = {4029--4032},
  Volume                   = {86},

  Doi                      = {10.1103/PhysRevLett.86.4029},
  ISSN                     = {0031-9007},
  Url                      = {http://link.aps.org/doi/10.1103/PhysRevLett.86.4029}
}

@Book{Ashcroft1976,
  Title                    = {{Solid State Physics}},
  Author                   = {Ashcroft, N. W. and Mermin, N.D.},
  Publisher                = {Saunders College},
  Year                     = {1976},

  ISBN                     = {9780030493461}
}

@Article{Bagchi2017,
  Title                    = {Thermal transport in the Fermi-Pasta-Ulam model with long-range interactions},
  Author                   = {Bagchi, Debarshee},
  Journal                  = {Phys. Rev. E},
  Year                     = {2017},

  Month                    = {Mar},
  Pages                    = {032102},
  Volume                   = {95},

  Doi                      = {10.1103/PhysRevE.95.032102},
  Issue                    = {3},
  Numpages                 = {7},
  Publisher                = {American Physical Society},
  Url                      = {https://link.aps.org/doi/10.1103/PhysRevE.95.032102}
}

@Article{BagchiTsallis2017,
  Title                    = {Long-ranged Fermi–Pasta–Ulam systems in thermal contact: Crossover from q-statistics to Boltzmann–Gibbs statistics },
  Author                   = {Debarshee Bagchi and Constantino Tsallis},
  Journal                  = {Physics Letters A },
  Year                     = {2017},
  Pages                    = { - },

  Doi                      = {http://dx.doi.org/10.1016/j.physleta.2017.01.057},
  ISSN                     = {0375-9601},
  Keywords                 = {Relaxation},
  Url                      = {http://www.sciencedirect.com/science/article/pii/S0375960116321065}
}

@Article{BarreMukamelRuffo2001,
  Title                    = {Inequivalence of Ensembles in a System with Long-Range Interactions},
  Author                   = {Barr\'e, Julien and Mukamel, David and Ruffo, Stefano},
  Journal                  = {Phys. Rev. Lett.},
  Year                     = {2001},

  Month                    = {Jun},
  Pages                    = {030601},
  Volume                   = {87},

  Doi                      = {10.1103/PhysRevLett.87.030601},
  Issue                    = {3},
  Numpages                 = {4},
  Publisher                = {American Physical Society},
  Url                      = {https://link.aps.org/doi/10.1103/PhysRevLett.87.030601}
}

@Article{BermanIzrailev2005Report,
  Title                    = {The Fermi-Pasta-Ulam problem: Fifty years of progress},
  Author                   = {G. P. Berman and F. M. Izrailev},
  Journal                  = {Chaos: An Interdisciplinary Journal of Nonlinear Science},
  Year                     = {2005},
  Number                   = {1},
  Pages                    = {015104},
  Volume                   = {15},

  Doi                      = {10.1063/1.1855036},
  Url                      = { http://dx.doi.org/10.1063/1.1855036 
}
}

@Article{ReviewBonettoLebowitzReyBellet2000,
  Title                    = {{Fourier's Law: a Challenge for Theorists}},
  Author                   = {Bonetto, F and Lebowitz, J. L. and Rey-Bellet, L.},
  Year                     = {2000},
  Pages                    = {128--150},

  Booktitle                = {Mathematical Physics 2000},
  Chapter                  = {8},
  Doi                      = {10.1142/9781848160224\_0008},
  Eprint                   = {0002052},
  Primaryclass             = {math-ph},
  Publisher                = {Word Scientific},
  Url                      = {http://arxiv.org/abs/math-ph/0002052}
}

@Article{BouchetBarre2006,
  Title                    = {Statistical mechanics of systems with long range interactions},
  Author                   = {Freddy Bouchet and Julien Barr\'{e}},
  Journal                  = {Journal of Physics: Conference Series},
  Year                     = {2006},
  Number                   = {1},
  Pages                    = {18},
  Volume                   = {31},

  Url                      = {http://stacks.iop.org/1742-6596/31/i=1/a=003}
}

@Book{Brush1986,
  Title                    = {{The kind of motion we call heat: a history of the kinetic theory of gases in the 19th century, v. 2}},
  Author                   = {Brush, S.G.},
  Publisher                = {North-Holland},
  Year                     = {1986},

  ISBN                     = {9780444870094}
}

@Article{CampaDauxoisRuffoReview2009,
  Title                    = {Statistical mechanics and dynamics of solvable models with long-range interactions },
  Author                   = {Alessandro Campa and Thierry Dauxois and Stefano Ruffo},
  Journal                  = {Physics Reports },
  Year                     = {2009},
  Number                   = {3-6},
  Pages                    = {57 - 159},
  Volume                   = {480},

  Doi                      = {https://doi.org/10.1016/j.physrep.2009.07.001},
  ISSN                     = {0370-1573},
  Keywords                 = {Long-range interactions},
  Url                      = {http://www.sciencedirect.com/science/article/pii/S0370157309001586}
}

@Article{CampaGiansantiMoroni2003,
  Title                    = {Canonical solution of classical magnetic models with long-range couplings},
  Author                   = {Alessandro Campa and Andrea Giansanti and Daniele Moroni},
  Journal                  = {Journal of Physics A: Mathematical and General},
  Year                     = {2003},
  Number                   = {25},
  Pages                    = {6897},
  Volume                   = {36},

  Url                      = {http://stacks.iop.org/0305-4470/36/i=25/a=301}
}

@Article{CampaGiansantiMoroni2000,
  Title                    = {Canonical solution of a system of long-range interacting rotators on a lattice},
  Author                   = {Campa, Alessandro and Giansanti, Andrea and Moroni, Daniele},
  Journal                  = {Phys. Rev. E},
  Year                     = {2000},

  Month                    = {Jul},
  Pages                    = {303--306},
  Volume                   = {62},

  Doi                      = {10.1103/PhysRevE.62.303},
  Issue                    = {1},
  Numpages                 = {0},
  Publisher                = {American Physical Society},
  Url                      = {https://link.aps.org/doi/10.1103/PhysRevE.62.303}
}

@PhdThesis{CandidoThesis2017,
  Title                    = {Problemas em Condutividade T\'{e}rmica em Cadeias Harmonicas e Nao-Harmonicas},
  Author                   = {Candido, Michael},
  School                   = {Pontif\'{i}cia Universidade Cat\'{o}lica do Rio de Janeiro},
  Year                     = {2017}
}

@Article{CasherLebowitz1971,
  Title                    = {Heat Flow in Regular and Disordered Harmonic Chains},
  Author                   = {A. Casher and J. L. Lebowitz},
  Journal                  = {Journal of Mathematical Physics},
  Year                     = {1971},
  Number                   = {8},
  Pages                    = {1701-1711},
  Volume                   = {12},

  Doi                      = {10.1063/1.1665794},
  Eprint                   = { http://dx.doi.org/10.1063/1.1665794 },
  Url                      = { http://dx.doi.org/10.1063/1.1665794 
}
}

@Article{expChang2008PRL,
  Title                    = {Breakdown of Fourier's Law in Nanotube Thermal Conductors},
  Author                   = {Chang, C. W. and Okawa, D. and Garcia, H. and Majumdar, A. and Zettl, A.},
  Journal                  = {Phys. Rev. Lett.},
  Year                     = {2008},

  Month                    = {Aug},
  Pages                    = {075903},
  Volume                   = {101},

  Doi                      = {10.1103/PhysRevLett.101.075903},
  Issue                    = {7},
  Numpages                 = {4},
  Publisher                = {American Physical Society},
  Url                      = {https://link.aps.org/doi/10.1103/PhysRevLett.101.075903}
}

@Article{expChang2006Science,
  Title                    = {Solid-State Thermal Rectifier},
  Author                   = {Chang, C. W. and Okawa, D. and Majumdar, A. and Zettl, A.},
  Journal                  = {Science},
  Year                     = {2006},
  Number                   = {5802},
  Pages                    = {1121--1124},
  Volume                   = {314},

  Doi                      = {10.1126/science.1132898},
  Eprint                   = {http://science.sciencemag.org/content/314/5802/1121.full.pdf},
  ISSN                     = {0036-8075},
  Publisher                = {American Association for the Advancement of Science},
  Url                      = {http://science.sciencemag.org/content/314/5802/1121}
}

@InBook{expChang2016,
  Title                    = {Experimental Probing of Non-Fourier Thermal Conductors},
  Author                   = {Chang, Chih-Wei},
  Editor                   = {Lepri, Stefano},
  Pages                    = {305--338},
  Publisher                = {Springer International Publishing},
  Year                     = {2016},

  Address                  = {Cham},

  Booktitle                = {Thermal Transport in Low Dimensions: From Statistical Physics to Nanoscale Heat Transfer},
  Doi                      = {10.1007/978-3-319-29261-8_8},
  ISBN                     = {978-3-319-29261-8},
  Url                      = {http://dx.doi.org/10.1007/978-3-319-29261-8_8}
}

@Article{Chavanis2003,
  Title                    = {Generalized thermodynamics and Fokker-Planck equations: Applications to stellar dynamics and two-dimensional turbulence},
  Author                   = {Chavanis, Pierre-Henri},
  Journal                  = {Phys. Rev. E},
  Year                     = {2003},

  Month                    = {Sep},
  Pages                    = {036108},
  Volume                   = {68},

  Doi                      = {10.1103/PhysRevE.68.036108},
  Issue                    = {3},
  Numpages                 = {20},
  Publisher                = {American Physical Society},
  Url                      = {https://link.aps.org/doi/10.1103/PhysRevE.68.036108}
}

@Article{ChenPereiraCasati2015,
  Title                    = {Ingredients for an efficient thermal diode},
  Author                   = {Shunda Chen and Emmanuel Pereira and Giulio Casati},
  Journal                  = {EPL (Europhysics Letters)},
  Year                     = {2015},
  Number                   = {3},
  Pages                    = {30004},
  Volume                   = {111},

  Abstract                 = {We provide convincing empirical evidence that long-range interactions strongly enhance the rectification effect which takes place in mass graded systems. Even more importantly the rectification does not decrease with the increase of the system size. Large rectification is obtained also for the equal-mass case and with graded on-site potential. These results allow to overcome current limitations of the rectification mechanism and open the way for a realistic implementation of efficient thermal diodes.},
  Url                      = {http://stacks.iop.org/0295-5075/111/i=3/a=30004}
}

@Article{ChienVelizhaninDubiZwolak2013Nano,
  Title                    = {Tunable thermal switching via DNA-based nano-devices},
  Author                   = {Chih-Chun Chien and Kirill A Velizhanin and Yonatan Dubi and Michael Zwolak},
  Journal                  = {Nanotechnology},
  Year                     = {2013},
  Number                   = {9},
  Pages                    = {095704},
  Volume                   = {24},

  Url                      = {http://stacks.iop.org/0957-4484/24/i=9/a=095704}
}

@Article{Cirto2014,
  Title                    = {Influence of the interaction range on the thermostatistics of a classical many-body system},
  Author                   = {Leonardo J.L. Cirto and Vladimir R.V. Assis and Constantino Tsallis},
  Journal                  = {Physica A: Statistical Mechanics and its Applications},
  Year                     = {2014},
  Pages                    = {286 - 296},
  Volume                   = {393},

  Doi                      = {http://dx.doi.org/10.1016/j.physa.2013.09.002},
  ISSN                     = {0378-4371},
  Keywords                 = {Metastable state},
  Url                      = {http://www.sciencedirect.com/science/article/pii/S0378437113008327}
}

@Article{Cirto2015,
  Title                    = {Controlling the range of interactions in the classical inertial ferromagnetic Heisenberg model: analysis of metastable states},
  Author                   = {Leonardo J L Cirto and Leonardo S Lima and Fernando D Nobre},
  Journal                  = {Journal of Statistical Mechanics: Theory and Experiment},
  Year                     = {2015},
  Number                   = {4},
  Pages                    = {P04012},
  Volume                   = {2015},

  Url                      = {http://stacks.iop.org/1742-5468/2015/i=4/a=P04012}
}

@Article{Cuesta2004,
  Title                    = {General Non-Existence Theorem for Phase Transitions in One-Dimensional Systems with Short Range Interactions, and Physical Examples of Such Transitions},
  Author                   = {Cuesta, Jos{\'e} A. and S{\'a}nchez, Angel},
  Journal                  = {Journal of Statistical Physics},
  Year                     = {2004},
  Number                   = {3},
  Pages                    = {869--893},
  Volume                   = {115},

  Doi                      = {10.1023/B:JOSS.0000022373.63640.4e},
  ISSN                     = {1572-9613},
  Url                      = {http://dx.doi.org/10.1023/B:JOSS.0000022373.63640.4e}
}

@Article{DasDhar2014arXiv,
  Title                    = {{Role of conserved quantities in normal heat transport in one dimenison}},
  Author                   = {{Das}, S.~G. and {Dhar}, A.},
  Journal                  = {ArXiv e-prints},
  Year                     = {2014},

  Month                    = nov,

  Adsnote                  = {Provided by the SAO/NASA Astrophysics Data System},
  Adsurl                   = {http://adsabs.harvard.edu/abs/2014arXiv1411.5247D},
  Archiveprefix            = {arXiv},
  Eprint                   = {1411.5247},
  Keywords                 = {Condensed Matter - Statistical Mechanics},
  Primaryclass             = {cond-mat.stat-mech}
}

@Article{Dauxois2008PhysToday,
  Title                    = {Fermi, Pasta, Ulam, and a mysterious lady},
  Author                   = {Thierry Dauxois},
  Journal                  = {Physics Today},
  Year                     = {2008},

  Month                    = {jan},
  Number                   = {1},
  Pages                    = {55--57},
  Volume                   = {61},

  Publisher                = {{AIP} Publishing}
}

@Article{DauxoisPeyrardRuffo2005,
  Title                    = {The Fermi–Pasta–Ulam 'numerical experiment': history and pedagogical perspectives},
  Author                   = {Thierry Dauxois and Michel Peyrard and Stefano Ruffo},
  Journal                  = {European Journal of Physics},
  Year                     = {2005},
  Number                   = {5},
  Pages                    = {S3},
  Volume                   = {26},

  Url                      = {http://stacks.iop.org/0143-0807/26/i=5/a=S01}
}

@Article{ReviewDhar2008,
  Title                    = {Heat transport in low-dimensional systems},
  Author                   = { Abhishek Dhar },
  Journal                  = {Advances in Physics},
  Year                     = {2008},
  Number                   = {5},
  Pages                    = {457-537},
  Volume                   = {57},

  Doi                      = {10.1080/00018730802538522},
  Eprint                   = { http://dx.doi.org/10.1080/00018730802538522 },
  Url                      = { http://dx.doi.org/10.1080/00018730802538522 
}
}

@Article{Dhar2001PRL,
  Title                    = {Heat Conduction in the Disordered Harmonic Chain Revisited},
  Author                   = {Dhar, Abhishek},
  Journal                  = {Phys. Rev. Lett.},
  Year                     = {2001},

  Month                    = {Jun},
  Pages                    = {5882--5885},
  Volume                   = {86},

  Doi                      = {10.1103/PhysRevLett.86.5882},
  Issue                    = {26},
  Numpages                 = {0},
  Publisher                = {American Physical Society},
  Url                      = {https://link.aps.org/doi/10.1103/PhysRevLett.86.5882}
}

@Article{Dhar2015Review,
  Title                    = {Heat transport and current fluctuations in harmonic crystals},
  Author                   = {Abhishek Dhar and Rahul Dandekar},
  Journal                  = {Physica A: Statistical Mechanics and its Applications},
  Year                     = {2015},
  Note                     = {Proceedings of the 13th International Summer School on Fundamental Problems in Statistical Physics},
  Pages                    = {49 - 64},
  Volume                   = {418},

  Doi                      = {http://dx.doi.org/10.1016/j.physa.2014.06.002},
  ISSN                     = {0378-4371},
  Keywords                 = {Heat conduction},
  Url                      = {http://www.sciencedirect.com/science/article/pii/S0378437114004671}
}

@Article{DharRoy2006,
  Title                    = {Heat Transport in Harmonic Lattices},
  Author                   = {Dhar, Abhishek and Roy, Dibyendu},
  Journal                  = {Journal of Statistical Physics},
  Year                     = {2006},
  Number                   = {4},
  Pages                    = {801--820},
  Volume                   = {125},

  Abstract                 = {We work out the non-equilibrium steady state properties of a harmonic lattice which is connected to heat reservoirs at different temperatures. The heat reservoirs are themselves modeled as harmonic systems. Our approach is to write quantum Langevin equations for the system and solve these to obtain steady state properties such as currents and other second moments involving the position and momentum operators. The resulting expressions will be seen to be similar in form to results obtained for electronic transport using the non-equilibrium Green's function formalism. As an application of the formalism we discuss heat conduction in a harmonic chain connected to self-consistent reservoirs. We obtain a temperature dependent thermal conductivity which, in the high-temperature classical limit, reproduces the exact result on this model obtained recently by Bonetto, Lebowitz and Lukkarinen.},
  Doi                      = {10.1007/s10955-006-9235-3},
  ISSN                     = {1572-9613},
  Url                      = {http://dx.doi.org/10.1007/s10955-006-9235-3}
}

@Article{PhysRevE.95.052608,
  Title                    = {Study of dynamic heterogeneity of an active particle system},
  Author                   = {Ding, Huai and Jiang, Huijun and Hou, Zhonghuai},
  Journal                  = {Phys. Rev. E},
  Year                     = {2017},

  Month                    = {May},
  Pages                    = {052608},
  Volume                   = {95},

  Doi                      = {10.1103/PhysRevE.95.052608},
  Issue                    = {5},
  Numpages                 = {11},
  Publisher                = {American Physical Society},
  Url                      = {https://link.aps.org/doi/10.1103/PhysRevE.95.052608}
}

@Article{DubiDiVentra2011Review,
  Title                    = {Colloquium},
  Author                   = {Dubi, Yonatan and Di Ventra, Massimiliano},
  Journal                  = {Rev. Mod. Phys.},
  Year                     = {2011},

  Month                    = {Mar},
  Pages                    = {131--155},
  Volume                   = {83},

  Doi                      = {10.1103/RevModPhys.83.131},
  Issue                    = {1},
  Numpages                 = {0},
  Publisher                = {American Physical Society},
  Url                      = {https://link.aps.org/doi/10.1103/RevModPhys.83.131}
}

@Article{Escande1994,
  Title                    = {Self-consistent check of the validity of Gibbs calculus using dynamical variables},
  Author                   = {Escande, Dominique
and Kantz, Holger
and Livi, Roberto
and Ruffo, Stefano},
  Journal                  = {Journal of Statistical Physics},
  Year                     = {1994},
  Number                   = {1},
  Pages                    = {605--626},
  Volume                   = {76},

  Doi                      = {10.1007/BF02188677},
  ISSN                     = {1572-9613},
  Url                      = {http://dx.doi.org/10.1007/BF02188677}
}

@Book{fermi1956thermodynamics,
  Title                    = {Thermodynamics},
  Author                   = {Fermi, E.},
  Publisher                = {Dover Publications},
  Year                     = {1956},
  Series                   = {Dover books in physics and mathematical physics},

  ISBN                     = {9780486603612},
  Lccn                     = {57014599},
  Url                      = {https://books.google.com.br/books?id=VEZ1ljsT3IwC}
}

@InProceedings{FermiPastaUlam1955,
  Title                    = {Studies of nonlinear problems {I}, {L}os {A}lamos {R}eport {LA} 1940, 1955},
  Author                   = {Fermi, E. and Pasta, J. and Ulam, S.},
  Booktitle                = {{\it reproduced in} Nonlinear Wave Motion},
  Year                     = {1974},

  Address                  = {Providence, RI},
  Editor                   = {Newell, A. C.},
  Publisher                = {Amer. Math. Soc.},

  Citeulike-article-id     = {1742105},
  Posted-at                = {2007-10-08 17:51:42},
  Priority                 = {2}
}

@Article{Ford1992,
  Title                    = {{The Fermi-Pasta-Ulam problem: Paradox turns discovery}},
  Author                   = {Ford, Joseph},
  Journal                  = {Physics Reports},
  Year                     = {1992},

  File                     = {:home/alfaceor/Documents/Mendeley Desktop/Ford - 1992 - THE FERMI-PASTA-ULAM PROBLEM PARADOX TURNS DISCOVERY THE FERMI-PASTA-ULAM PROBLEM PARADOX TURNS DISCOVERY.pdf:pdf}
}

@Book{gallavotti2008boltzmann,
  Title                    = {Boltzmann's Legacy},
  Author                   = {Gallavotti, G. and Reiter, W.L. and Yngvason, J.},
  Publisher                = {European Mathematical Society},
  Year                     = {2008},
  Series                   = {ESI lectures in mathematics and physics},

  ISBN                     = {9783037190579},
  Lccn                     = {2009417961},
  Url                      = {https://books.google.com.br/books?id=4e4vrOGXNsEC}
}

@Book{Gardiner,
  Title                    = {Handbook of stochastic methods for physics, chemistry, and the natural sciences},
  Author                   = {Gardiner, C.W.},
  Publisher                = {Springer},
  Year                     = {1994},
  Series                   = {Springer series in synergetics},

  ISBN                     = {9783540156079},
  Lccn                     = {93044953},
  Url                      = {https://books.google.com.br/books?id=ZfwaAQAAIAAJ}
}

@Article{GendelmanSavin2010PRE,
  Title                    = {Nonstationary heat conduction in one-dimensional chains with conserved momentum},
  Author                   = {Gendelman, Oleg V. and Savin, Alexander V.},
  Journal                  = {Phys. Rev. E},
  Year                     = {2010},

  Month                    = {Feb},
  Pages                    = {020103},
  Volume                   = {81},

  Doi                      = {10.1103/PhysRevE.81.020103},
  Issue                    = {2},
  Numpages                 = {4},
  Publisher                = {American Physical Society},
  Url                      = {http://link.aps.org/doi/10.1103/PhysRevE.81.020103}
}

@Article{GendelmanSavinReply2005,
  Title                    = {Gendelman and Savin Reply:},
  Author                   = {Gendelman, O. V. and Savin, A. V.},
  Journal                  = {Phys. Rev. Lett.},
  Year                     = {2005},

  Month                    = {Jun},
  Pages                    = {219405},
  Volume                   = {94},

  Doi                      = {10.1103/PhysRevLett.94.219405},
  Issue                    = {21},
  Numpages                 = {1},
  Publisher                = {American Physical Society},
  Url                      = {https://link.aps.org/doi/10.1103/PhysRevLett.94.219405}
}

@Article{Gendelman2000,
  Title                    = {Normal Heat Conductivity of the One-Dimensional Lattice with Periodic Potential of Nearest-Neighbor Interaction},
  Author                   = {Gendelman, O. V. and Savin, A. V.},
  Journal                  = {Phys. Rev. Lett.},
  Year                     = {2000},

  Month                    = {Mar},
  Pages                    = {2381--2384},
  Volume                   = {84},

  Doi                      = {10.1103/PhysRevLett.84.2381},
  Issue                    = {11},
  Numpages                 = {0},
  Publisher                = {American Physical Society},
  Url                      = {https://link.aps.org/doi/10.1103/PhysRevLett.84.2381}
}

@Article{Giardina2000,
  Title                    = {Finite Thermal Conductivity in 1D Lattices},
  Author                   = {Giardin\'a, C. and Livi, R. and Politi, A. and Vassalli, M.},
  Journal                  = {Phys. Rev. Lett.},
  Year                     = {2000},

  Month                    = {Mar},
  Pages                    = {2144--2147},
  Volume                   = {84},

  Doi                      = {10.1103/PhysRevLett.84.2144},
  Issue                    = {10},
  Numpages                 = {0},
  Publisher                = {American Physical Society},
  Url                      = {https://link.aps.org/doi/10.1103/PhysRevLett.84.2144}
}

@Article{Gupta2017Review,
  Title                    = {The world of long-range interactions: A bird's eye view},
  Author                   = {Gupta, Shamik and Ruffo, Stefano},
  Journal                  = {International Journal of Modern Physics A},
  Year                     = {2017},
  Number                   = {09},
  Pages                    = {1741018},
  Volume                   = {32},

  Doi                      = {10.1142/S0217751X17410184},
  Eprint                   = {http://www.worldscientific.com/doi/pdf/10.1142/S0217751X17410184},
  Url                      = {http://www.worldscientific.com/doi/abs/10.1142/S0217751X17410184}
}

@Article{Hoover1985,
  Title                    = {Canonical dynamics: Equilibrium phase-space distributions},
  Author                   = {Hoover, William G.},
  Journal                  = {Phys. Rev. A},
  Year                     = {1985},

  Month                    = {Mar},
  Pages                    = {1695--1697},
  Volume                   = {31},

  Doi                      = {10.1103/PhysRevA.31.1695},
  Issue                    = {3},
  Numpages                 = {0},
  Publisher                = {American Physical Society},
  Url                      = {https://link.aps.org/doi/10.1103/PhysRevA.31.1695}
}

@Article{expHsiao2013Nature,
  Title                    = {Observation of room-temperature ballistic thermal conduction persisting over 8.3 [micro]m in SiGe nanowires},
  Author                   = {Hsiao, Tzu-Kan
and Chang, Hsu-Kai
and Liou, Sz-Chian
and Chu, Ming-Wen
and Lee, Si-Chen
and Chang, Chih-Wei},
  Journal                  = {Nat Nano},
  Year                     = {2013},

  Month                    = {Jul},
  Note                     = {Article},
  Number                   = {7},
  Pages                    = {534-538},
  Volume                   = {8},

  ISSN                     = {1748-3387},
  Publisher                = {Nature Publishing Group},
  Url                      = {http://dx.doi.org/10.1038/nnano.2013.121}
}

@Article{HuLiZhao2000,
  Title                    = {Heat conduction in one-dimensional nonintegrable systems},
  Author                   = {Hu, Bambi and Li, Baowen and Zhao, Hong},
  Journal                  = {Phys. Rev. E},
  Year                     = {2000},

  Month                    = {Apr},
  Pages                    = {3828--3831},
  Volume                   = {61},

  Doi                      = {10.1103/PhysRevE.61.3828},
  Issue                    = {4},
  Numpages                 = {0},
  Publisher                = {American Physical Society},
  Url                      = {https://link.aps.org/doi/10.1103/PhysRevE.61.3828}
}

@Book{Huang1987,
  Title                    = {{Statistical mechanics}},
  Author                   = {Huang, Kerson},
  Publisher                = {Wiley},
  Year                     = {1987},

  ISBN                     = {0471815187},
  Pages                    = {493}
}

@Article{Jaeger2016,
  Title                    = {Mean-field theory of atomic self-organization in optical cavities},
  Author                   = {J\"ager, Simon B. and Sch\"utz, Stefan and Morigi, Giovanna},
  Journal                  = {Phys. Rev. A},
  Year                     = {2016},

  Month                    = {Aug},
  Pages                    = {023807},
  Volume                   = {94},

  Doi                      = {10.1103/PhysRevA.94.023807},
  Issue                    = {2},
  Numpages                 = {14},
  Publisher                = {American Physical Society},
  Url                      = {https://link.aps.org/doi/10.1103/PhysRevA.94.023807}
}

@Article{jackson1978Review,
  Title                    = {Nonlinearity and irreversibility in lattice dynamics},
  Author                   = {Jackson, E. Atlee},
  Journal                  = {Rocky Mountain J. Math.},
  Year                     = {1978},

  Month                    = {03},
  Number                   = {1-2},
  Pages                    = {127--196},
  Volume                   = {8},

  Doi                      = {10.1216/RMJ-1978-8-1-127},
  Fjournal                 = {Rocky Mountain Journal of Mathematics},
  Publisher                = {Rocky Mountain Mathematics Consortium},
  Url                      = {http://dx.doi.org/10.1216/RMJ-1978-8-1-127}
}

@Article{Jarzynski2015Nature,
  Title                    = {Diverse phenomena, common themes},
  Author                   = {Jarzynski, Christopher},
  Journal                  = {Nat Phys},
  Year                     = {2015},

  Month                    = {Feb},
  Note                     = {Commentary},
  Number                   = {2},
  Pages                    = {105-107},
  Volume                   = {11},

  ISSN                     = {1745-2473},
  Publisher                = {Nature Publishing Group, a division of Macmillan Publishers Limited. All Rights Reserved.},
  Url                      = {http://dx.doi.org/10.1038/nphys3229}
}

@Article{Jarzynski1997PRL,
  Title                    = {Nonequilibrium Equality for Free Energy Differences},
  Author                   = {Jarzynski, C.},
  Journal                  = {Phys. Rev. Lett.},
  Year                     = {1997},

  Month                    = {Apr},
  Pages                    = {2690--2693},
  Volume                   = {78},

  Doi                      = {10.1103/PhysRevLett.78.2690},
  Issue                    = {14},
  Numpages                 = {0},
  Publisher                = {American Physical Society},
  Url                      = {http://link.aps.org/doi/10.1103/PhysRevLett.78.2690}
}

@Article{Kac1963,
  Title                    = {{On the van der Waals Theory of the Vapor-Liquid Equilibrium. I. Discussion of a One-Dimensional Model}},
  Author                   = {Kac, M. and Uhlenbeck, G. E. and Hemmer, P. C.},
  Journal                  = {Journal of Mathematical Physics},
  Year                     = {1963},
  Number                   = {2},
  Pages                    = {216},
  Volume                   = {4},

  Doi                      = {10.1063/1.1703946},
  ISSN                     = {00222488}
}

@Article{Kanazawa2013PRE,
  Title                    = {Heat conduction induced by non-Gaussian athermal fluctuations},
  Author                   = {Kanazawa, Kiyoshi and Sagawa, Takahiro and Hayakawa, Hisao},
  Journal                  = {Phys. Rev. E},
  Year                     = {2013},

  Month                    = {May},
  Pages                    = {052124},
  Volume                   = {87},

  Doi                      = {10.1103/PhysRevE.87.052124},
  Issue                    = {5},
  Numpages                 = {10},
  Publisher                = {American Physical Society},
  Url                      = {http://link.aps.org/doi/10.1103/PhysRevE.87.052124}
}

@Article{Kanazawa2012PRL,
  Title                    = {Stochastic Energetics for Non-Gaussian Processes},
  Author                   = {Kanazawa, Kiyoshi and Sagawa, Takahiro and Hayakawa, Hisao},
  Journal                  = {Phys. Rev. Lett.},
  Year                     = {2012},

  Month                    = {May},
  Pages                    = {210601},
  Volume                   = {108},

  Doi                      = {10.1103/PhysRevLett.108.210601},
  Issue                    = {21},
  Numpages                 = {5},
  Publisher                = {American Physical Society},
  Url                      = {http://link.aps.org/doi/10.1103/PhysRevLett.108.210601}
}

@Article{Kanazawa2015PRL,
  Title                    = {Minimal Model of Stochastic Athermal Systems: Origin of Non-Gaussian Noise},
  Author                   = {Kanazawa, Kiyoshi and Sano, Tomohiko G. and Sagawa, Takahiro and Hayakawa, Hisao},
  Journal                  = {Phys. Rev. Lett.},
  Year                     = {2015},

  Month                    = {Mar},
  Pages                    = {090601},
  Volume                   = {114},

  Doi                      = {10.1103/PhysRevLett.114.090601},
  Issue                    = {9},
  Numpages                 = {6},
  Publisher                = {American Physical Society},
  Url                      = {http://link.aps.org/doi/10.1103/PhysRevLett.114.090601}
}

@Book{Kardar2007,
  Title                    = {{Statistical Physics of Particles}},
  Author                   = {Kardar, Mehran},
  Publisher                = {Cambridge University Press},
  Year                     = {2007}
}

@Book{kreuzer1981nonequilibrium,
  Title                    = {Nonequilibrium Thermodynamics and Its Statistical Foundations},
  Author                   = {Kreuzer, H.J.},
  Publisher                = {Clarendon Press},
  Year                     = {1981},
  Series                   = {Monographs on the physics and chemistry of materials},

  ISBN                     = {9780198513759},
  Lccn                     = {gb83030642},
  Url                      = {https://books.google.com.br/books?id=JoB9QgAACAAJ}
}

@Article{Kurchan2009arXiv,
  Title                    = {{Six out of equilibrium lectures}},
  Author                   = {{Kurchan}, J.},
  Journal                  = {ArXiv e-prints},
  Year                     = {2009},

  Month                    = jan,

  Adsnote                  = {Provided by the SAO/NASA Astrophysics Data System},
  Adsurl                   = {http://adsabs.harvard.edu/abs/2009arXiv0901.1271K},
  Archiveprefix            = {arXiv},
  Eprint                   = {0901.1271},
  Keywords                 = {Condensed Matter - Statistical Mechanics},
  Primaryclass             = {cond-mat.stat-mech}
}

@Article{Lampin2013,
  Title                    = {Thermal conductivity from approach-to-equilibrium molecular dynamics},
  Author                   = {E. Lampin and P. L. Palla and P.-A. Francioso and F. Cleri},
  Journal                  = {Journal of Applied Physics},
  Year                     = {2013},
  Number                   = {3},
  Pages                    = {033525},
  Volume                   = {114},

  Doi                      = {10.1063/1.4815945},
  Url                      = {http://dx.doi.org/10.1063/1.4815945}
}

@Article{LandiOliveira2013PRE,
  Title                    = {Fourier's law from a chain of coupled anharmonic oscillators under energy-conserving noise},
  Author                   = {Landi, Gabriel T. and de Oliveira, M\'ario J.},
  Journal                  = {Phys. Rev. E},
  Year                     = {2013},

  Month                    = {May},
  Pages                    = {052126},
  Volume                   = {87},

  Doi                      = {10.1103/PhysRevE.87.052126},
  Issue                    = {5},
  Numpages                 = {6},
  Publisher                = {American Physical Society},
  Url                      = {http://link.aps.org/doi/10.1103/PhysRevE.87.052126}
}

@Article{LatoraRapisardaRuffo1999PRL,
  Title                    = {Superdiffusion and Out-of-Equilibrium Chaotic Dynamics with Many Degrees of Freedoms},
  Author                   = {Latora, Vito and Rapisarda, Andrea and Ruffo, Stefano},
  Journal                  = {Phys. Rev. Lett.},
  Year                     = {1999},

  Month                    = {Sep},
  Pages                    = {2104--2107},
  Volume                   = {83},

  Doi                      = {10.1103/PhysRevLett.83.2104},
  Issue                    = {11},
  Numpages                 = {0},
  Publisher                = {American Physical Society},
  Url                      = {https://link.aps.org/doi/10.1103/PhysRevLett.83.2104}
}

@Article{LatoraRapisardaTsallis2001,
  Title                    = {Non-Gaussian equilibrium in a long-range Hamiltonian system},
  Author                   = {Latora, Vito and Rapisarda, Andrea and Tsallis, Constantino},
  Journal                  = {Phys. Rev. E},
  Year                     = {2001},

  Month                    = {Oct},
  Pages                    = {056134},
  Volume                   = {64},

  Doi                      = {10.1103/PhysRevE.64.056134},
  Issue                    = {5},
  Numpages                 = {5},
  Publisher                = {American Physical Society},
  Url                      = {https://link.aps.org/doi/10.1103/PhysRevE.64.056134}
}

@Article{AdvanNonEqui2014,
  Title                    = {Advances in Non-equilibrium Statistical Mechanics: large deviations and long-range correlations, extreme value statistics, anomalous transport and long-range interactions},
  Author                   = {Joel Lebowitz and Roberto Livi and Satya Majumdar and Davide Mukamel and Stefano Ruffoli and Lapo Casetti and Stefano Lepri},
  Journal                  = {Il Colle di Galileo},
  Year                     = {2015},
  Number                   = {1},
  Volume                   = {4},

  Abstract                 = {The workshop brought together leading researchers, young scientists and PhD students working in different areas of non-equilibrium statistical mechanics. The recent progress made in various fields of this broad discipline made the workshop timely and successful. Out-of-equilibrium systems are typically characterized by generic long-range correlations resulting in a variety of collective phenomena which are still awaiting an overall theoretical understanding. The main topics covered were: large deviations, current fluctuations, fluctuation relations, anomalous transport, statistics of extreme events and slow relaxation in non-equilibrium processes. The relation with equilibrium systems with long-range interactions, where ensembles become inequivalent, was also addressed. This workshop has strengthened the interaction among different communities and has led to the exploration of open problems and new research directions. Joint research in this field, combining theoretical investigations with an empirical component, has led to particularly fruitful exchanges. },
  ISSN                     = {2281-7727},
  Url                      = {http://www.fupress.net/index.php/cdg/article/view/16074}
}

@Article{LederhendlerMukamel2010PRL,
  Title                    = {Long-Range Correlations and Ensemble Inequivalence in a Generalized $ABC$ Model},
  Author                   = {Lederhendler, A. and Mukamel, D.},
  Journal                  = {Phys. Rev. Lett.},
  Year                     = {2010},

  Month                    = {Oct},
  Pages                    = {150602},
  Volume                   = {105},

  Doi                      = {10.1103/PhysRevLett.105.150602},
  Issue                    = {15},
  Numpages                 = {4},
  Publisher                = {American Physical Society},
  Url                      = {https://link.aps.org/doi/10.1103/PhysRevLett.105.150602}
}

@Book{LepriBook2016,
  Title                    = {Thermal transport in low dimensions: from statistical physics to nanoscale heat transfer},
  Author                   = {Lepri, Stefano},
  Publisher                = {Springer},
  Year                     = {2016},
  Volume                   = {921}
}

@Article{ReviewLepriLiviPoliti2003,
  Title                    = {{Thermal conduction in classical low-dimensional lattices}},
  Author                   = {Lepri, Stefano and Livi, Roberto and Politi, Antonio},
  Journal                  = {Physics Reports},
  Year                     = {2003},

  Month                    = apr,
  Number                   = {1},
  Pages                    = {1--80},
  Volume                   = {377},

  Doi                      = {10.1016/S0370-1573(02)00558-6},
  ISSN                     = {03701573},
  Keywords                 = {classical lattices,thermal conductivity},
  Url                      = {http://linkinghub.elsevier.com/retrieve/pii/S0370157302005586}
}

@Article{Lepri1998,
  Title                    = {{On the anomalous thermal conductivity of one-dimensional lattices}},
  Author                   = {Lepri, S and Livi, R and Politi, a},
  Journal                  = {Europhysics Letters (EPL)},
  Year                     = {1998},

  Month                    = aug,
  Number                   = {3},
  Pages                    = {271--276},
  Volume                   = {43},

  Doi                      = {10.1209/epl/i1998-00352-3},
  Eprint                   = {9806133v1},
  ISSN                     = {0295-5075},
  Keywords                 = {05,10,1998,44,60,70,fourier modes,green-kubo formula,heat conduction,i,letters,ln,pacs numbers,to appear in europhysics,w},
  Url                      = {http://stacks.iop.org/0295-5075/43/i=3/a=271?key=crossref.0d93ab1bc17d068d303b2e8f5ae061a3}
}

@Article{Lepri1997,
  Title                    = {{Heat Conduction in Chains of Nonlinear Oscillators}},
  Author                   = {Lepri, Stefano and Livi, Roberto and Politi, Antonio},
  Journal                  = {Physical Review Letters},
  Year                     = {1997},

  Month                    = mar,
  Number                   = {10},
  Pages                    = {1896--1899},
  Volume                   = {78},

  Doi                      = {10.1103/PhysRevLett.78.1896},
  ISSN                     = {0031-9007},
  Url                      = {http://link.aps.org/doi/10.1103/PhysRevLett.78.1896}
}

@Article{LevinPakterRizzatoTelesBenetti2014,
  Title                    = {Nonequilibrium statistical mechanics of systems with long-range interactions},
  Author                   = {Yan Levin and Renato Pakter and Felipe B. Rizzato and Tarc\'{i}sio N. Teles and Fernanda P.C. Benetti},
  Journal                  = {Physics Reports},
  Year                     = {2014},
  Note                     = {Nonequilibrium statistical mechanics of systems with long-range interactions},
  Number                   = {1},
  Pages                    = {1 - 60},
  Volume                   = {535},

  Doi                      = {http://dx.doi.org/10.1016/j.physrep.2013.10.001},
  ISSN                     = {0370-1573},
  Keywords                 = {Long-range interactions},
  Url                      = {http://www.sciencedirect.com/science/article/pii/S0370157313003761}
}

@Article{LiWangCasati2004PRL,
  Title                    = {Thermal Diode: Rectification of Heat Flux},
  Author                   = {Li, Baowen and Wang, Lei and Casati, Giulio},
  Journal                  = {Phys. Rev. Lett.},
  Year                     = {2004},

  Month                    = {Oct},
  Pages                    = {184301},
  Volume                   = {93},

  Doi                      = {10.1103/PhysRevLett.93.184301},
  Issue                    = {18},
  Numpages                 = {4},
  Publisher                = {American Physical Society},
  Url                      = {https://link.aps.org/doi/10.1103/PhysRevLett.93.184301}
}

@Article{LiLiFlach2010PRL,
  Title                    = {{Energy Carriers in the Fermi-Pasta-Ulam beta Lattice: Solitons or Phonons?}},
  Author                   = {Li, Nianbei and Li, Baowen and Flach, Sergej},
  Journal                  = {Physical Review Letters},
  Year                     = {2010},
  Number                   = {5},
  Pages                    = {054102},
  Volume                   = {105},

  Doi                      = {10.1103/PhysRevLett.105.054102},
  ISSN                     = {0031-9007},
  Url                      = {http://link.aps.org/doi/10.1103/PhysRevLett.105.054102}
}

@Article{Li2012Review,
  Title                    = {Colloquium},
  Author                   = {Li, Nianbei and Ren, Jie and Wang, Lei and Zhang, Gang and H\"anggi, Peter and Li, Baowen},
  Journal                  = {Rev. Mod. Phys.},
  Year                     = {2012},

  Month                    = {Jul},
  Pages                    = {1045--1066},
  Volume                   = {84},

  Doi                      = {10.1103/RevModPhys.84.1045},
  Issue                    = {3},
  Numpages                 = {0},
  Publisher                = {American Physical Society},
  Url                      = {https://link.aps.org/doi/10.1103/RevModPhys.84.1045}
}

@Article{LiLiLi2015,
  Title                    = {Temperature dependence of thermal conductivities of coupled rotator lattice and the momentum diffusion in standard map},
  Author                   = {Li, Yunyun and Li, Nianbei and Li, Baowen},
  Journal                  = {The European Physical Journal B},
  Year                     = {2015},
  Number                   = {7},
  Pages                    = {182},
  Volume                   = {88},

  Doi                      = {10.1140/epjb/e2015-60361-5},
  Url                      = {http://dx.doi.org/10.1140/epjb/e2015-60361-5}
}

@Article{LiLiLiTsallis2017,
  Title                    = {Thermal conductance of the coupled-rotator chain: Influence of temperature and size},
  Author                   = {Yunyun Li and Nianbei Li and Ugur Tirnakli and Baowen Li and Constantino Tsallis},
  Journal                  = {EPL (Europhysics Letters)},
  Year                     = {2017},
  Number                   = {6},
  Pages                    = {60004},
  Volume                   = {117},

  Url                      = {http://stacks.iop.org/0295-5075/117/i=6/a=60004}
}

@Article{LiLiuLiHanggiLi2015NJP,
  Title                    = {1D momentum-conserving systems: the conundrum of anomalous versus normal heat transport},
  Author                   = {Yunyun Li and Sha Liu and Nianbei Li and Peter H\"{a}nggi and Baowen Li},
  Journal                  = {New Journal of Physics},
  Year                     = {2015},
  Number                   = {4},
  Pages                    = {043064},
  Volume                   = {17},

  Url                      = {http://stacks.iop.org/1367-2630/17/i=4/a=043064}
}

@Article{Liu2014PRL,
  Title                    = {Anomalous Heat Diffusion},
  Author                   = {Liu, Sha and H\"anggi, Peter and Li, Nianbei and Ren, Jie and Li, Baowen},
  Journal                  = {Phys. Rev. Lett.},
  Year                     = {2014},

  Month                    = {Jan},
  Pages                    = {040601},
  Volume                   = {112},

  Doi                      = {10.1103/PhysRevLett.112.040601},
  Issue                    = {4},
  Numpages                 = {6},
  Publisher                = {American Physical Society},
  Url                      = {https://link.aps.org/doi/10.1103/PhysRevLett.112.040601}
}

@Article{Livi1985PRA,
  Title                    = {Equipartition threshold in nonlinear large Hamiltonian systems: The Fermi-Pasta-Ulam model},
  Author                   = {Livi, Roberto and Pettini, Marco and Ruffo, Stefano and Sparpaglione, Massimo and Vulpiani, Angelo},
  Journal                  = {Phys. Rev. A},
  Year                     = {1985},

  Month                    = {Feb},
  Pages                    = {1039--1045},
  Volume                   = {31},

  Doi                      = {10.1103/PhysRevA.31.1039},
  Issue                    = {2},
  Numpages                 = {0},
  Publisher                = {American Physical Society},
  Url                      = {https://link.aps.org/doi/10.1103/PhysRevA.31.1039}
}

@Article{LiviPettiniRuffoVulpiani1987,
  Title                    = {Chaotic Behavior in Nonlinear Hamiltonian Systems and Equilibrium Statistical Mechanics},
  Author                   = {Livi, R and Pettini, M. and Ruffo, S. and Vulpiani, A.},
  Journal                  = {Journal of Statistical Physics},
  Year                     = {1987},
  Number                   = {314},
  Pages                    = {539},
  Volume                   = {48},

  Owner                    = {alfaceor},
  Timestamp                = {2017.06.18}
}

@Article{Mai2007,
  Title                    = {Equilibration and Universal Heat Conduction in Fermi-Pasta-Ulam Chains},
  Author                   = {Mai, Trieu and Dhar, Abhishek and Narayan, Onuttom},
  Journal                  = {Phys. Rev. Lett.},
  Year                     = {2007},

  Month                    = {May},
  Pages                    = {184301},
  Volume                   = {98},

  Doi                      = {10.1103/PhysRevLett.98.184301},
  Issue                    = {18},
  Numpages                 = {4},
  Publisher                = {American Physical Society},
  Url                      = {https://link.aps.org/doi/10.1103/PhysRevLett.98.184301}
}

@Article{expMeier2014PRL,
  Title                    = {Length-Dependent Thermal Transport along Molecular Chains},
  Author                   = {Meier, T. and Menges, F. and Nirmalraj, P. and H\"olscher, H. and Riel, H. and Gotsmann, B.},
  Journal                  = {Phys. Rev. Lett.},
  Year                     = {2014},

  Month                    = {Aug},
  Pages                    = {060801},
  Volume                   = {113},

  Doi                      = {10.1103/PhysRevLett.113.060801},
  Issue                    = {6},
  Numpages                 = {5},
  Publisher                = {American Physical Society},
  Url                      = {https://link.aps.org/doi/10.1103/PhysRevLett.113.060801}
}

@Unpublished{WellesNotasAula,
  Title                    = {F\'{i}sica de nao equilibrio (Notas de aula, unplublished)},
  Author                   = {Morgado, W.A.M},

  Owner                    = {alfaceor},
  Timestamp                = {2017.06.11}
}

@Article{MorgadoGuerreiro2012,
  Title                    = {A study on the action of non-Gaussian noise on a Brownian particle},
  Author                   = {Welles A.M. Morgado and Thiago Guerreiro},
  Journal                  = {Physica A: Statistical Mechanics and its Applications},
  Year                     = {2012},
  Number                   = {15},
  Pages                    = {3816 - 3827},
  Volume                   = {391},

  Doi                      = {http://dx.doi.org/10.1016/j.physa.2012.03.012},
  ISSN                     = {0378-4371},
  Keywords                 = {Non Gaussian noise},
  Url                      = {http://www.sciencedirect.com/science/article/pii/S0378437112002312}
}

@Article{MorgadoDuarte2012,
  Title                    = {Role of the nature of noise in the thermal conductance of mechanical systems},
  Author                   = {Morgado, Welles A. M. and Duarte Queir\'os, S\'{\i}lvio M.},
  Journal                  = {Phys. Rev. E},
  Year                     = {2012},

  Month                    = {Oct},
  Pages                    = {041108},
  Volume                   = {86},

  Doi                      = {10.1103/PhysRevE.86.041108},
  Issue                    = {4},
  Numpages                 = {4},
  Publisher                = {American Physical Society},
  Url                      = {https://link.aps.org/doi/10.1103/PhysRevE.86.041108}
}

@Article{MorgadoDuarte2016,
  Title                    = {Thermostatistics of small nonlinear systems: Poissonian athermal bath},
  Author                   = {Morgado, Welles A. M. and Queir\'os, S\'{\i}lvio M. Duarte},
  Journal                  = {Phys. Rev. E},
  Year                     = {2016},

  Month                    = {Jan},
  Pages                    = {012121},
  Volume                   = {93},

  Doi                      = {10.1103/PhysRevE.93.012121},
  Issue                    = {1},
  Numpages                 = {17},
  Publisher                = {American Physical Society},
  Url                      = {https://link.aps.org/doi/10.1103/PhysRevE.93.012121}
}

@Article{MoyanoAnteneodo2006PRE,
  Title                    = {Diffusive anomalies in a long-range Hamiltonian system},
  Author                   = {Moyano, Luis G. and Anteneodo, Celia},
  Journal                  = {Phys. Rev. E},
  Year                     = {2006},

  Month                    = {Aug},
  Pages                    = {021118},
  Volume                   = {74},

  Doi                      = {10.1103/PhysRevE.74.021118},
  Issue                    = {2},
  Numpages                 = {5},
  Publisher                = {American Physical Society},
  Url                      = {https://link.aps.org/doi/10.1103/PhysRevE.74.021118}
}

@Article{Mukamel2009LecNotes,
  Title                    = {Notes on the Statistical Mechanics of Systems with Long-Range Interactions},
  Author                   = {Mukamel, D.},
  Journal                  = {ArXiv e-prints},
  Year                     = {2009},

  Month                    = may,

  Adsnote                  = {Provided by the SAO/NASA Astrophysics Data System},
  Adsurl                   = {http://adsabs.harvard.edu/abs/2009arXiv0905.1457M},
  Archiveprefix            = {arXiv},
  Eprint                   = {0905.1457},
  Keywords                 = {Condensed Matter - Statistical Mechanics},
  Primaryclass             = {cond-mat.stat-mech}
}

@Article{MukamelRuffoSchreiber2005PRL,
  Title                    = {Breaking of Ergodicity and Long Relaxation Times in Systems with Long-Range Interactions},
  Author                   = {Mukamel, D. and Ruffo, S. and Schreiber, N.},
  Journal                  = {Phys. Rev. Lett.},
  Year                     = {2005},

  Month                    = {Dec},
  Pages                    = {240604},
  Volume                   = {95},

  Doi                      = {10.1103/PhysRevLett.95.240604},
  Issue                    = {24},
  Numpages                 = {4},
  Publisher                = {American Physical Society},
  Url                      = {https://link.aps.org/doi/10.1103/PhysRevLett.95.240604}
}

@Article{Nakazawa1970,
  Title                    = {On the Lattice Thermal Conduction},
  Author                   = {Nakazawa, Hiroshi},
  Journal                  = {Progress of Theoretical Physics Supplement},
  Year                     = {1970},
  Pages                    = {231},
  Volume                   = {45},

  Doi                      = {10.1143/PTPS.45.231},
  Eprint                   = {/oup/backfile/content_public/journal/ptps/45/10.1143/ptps.45.231/2/45-231.pdf},
  Url                      = { http://dx.doi.org/10.1143/PTPS.45.231}
}

@Article{NarayanRamaswamy2002,
  Title                    = {Anomalous Heat Conduction in One-Dimensional Momentum-Conserving Systems},
  Author                   = {Narayan, Onuttom and Ramaswamy, Sriram},
  Journal                  = {Phys. Rev. Lett.},
  Year                     = {2002},

  Month                    = {Oct},
  Pages                    = {200601},
  Volume                   = {89},

  Doi                      = {10.1103/PhysRevLett.89.200601},
  Issue                    = {20},
  Numpages                 = {4},
  Publisher                = {American Physical Society},
  Url                      = {https://link.aps.org/doi/10.1103/PhysRevLett.89.200601}
}

@Article{Nose1984,
  Title                    = {A unified formulation of the constant temperature molecular dynamics methods},
  Author                   = {Shuichi Nos\'{e}},
  Journal                  = {The Journal of Chemical Physics},
  Year                     = {1984},
  Number                   = {1},
  Pages                    = {511-519},
  Volume                   = {81},

  Doi                      = {10.1063/1.447334},
  Eprint                   = { http://dx.doi.org/10.1063/1.447334 },
  Url                      = { http://dx.doi.org/10.1063/1.447334 
}
}

@Article{OlivaresAnteneodo2016PRE,
  Title                    = {Role of the range of the interactions in thermal conduction},
  Author                   = {Olivares, Carlos and Anteneodo, Celia},
  Journal                  = {Phys. Rev. E},
  Year                     = {2016},

  Month                    = {Oct},
  Pages                    = {042117},
  Volume                   = {94},

  Doi                      = {10.1103/PhysRevE.94.042117},
  Issue                    = {4},
  Numpages                 = {5},
  Publisher                = {American Physical Society},
  Url                      = {https://link.aps.org/doi/10.1103/PhysRevE.94.042117}
}

@Article{Paterlini1998,
  Title                    = {Constant temperature simulations using the Langevin equation with velocity Verlet integration },
  Author                   = {M.Germana Paterlini and David M Ferguson},
  Journal                  = {Chemical Physics },
  Year                     = {1998},
  Number                   = {1-3},
  Pages                    = {243 - 252},
  Volume                   = {236},

  Doi                      = {https://doi.org/10.1016/S0301-0104(98)00214-6},
  ISSN                     = {0301-0104},
  Url                      = {http://www.sciencedirect.com/science/article/pii/S0301010498002146}
}

@Book{peierls1996quantum,
  Title                    = {Quantum Theory of Solids},
  Author                   = {Peierls, R.E.},
  Publisher                = {Clarendon Press},
  Year                     = {1996},
  Series                   = {International Series of Monographs on Physics},

  ISBN                     = {9780192670175},
  Url                      = {https://books.google.com.br/books?id=GIrsImJvMgMC}
}

@Article{Pereira2013PRE,
  Title                    = {Increasing thermal rectification: Effects of long-range interactions},
  Author                   = {Pereira, Emmanuel and \'Avila, Ricardo R.},
  Journal                  = {Phys. Rev. E},
  Year                     = {2013},

  Month                    = {Sep},
  Pages                    = {032139},
  Volume                   = {88},

  Doi                      = {10.1103/PhysRevE.88.032139},
  Issue                    = {3},
  Numpages                 = {6},
  Publisher                = {American Physical Society},
  Url                      = {https://link.aps.org/doi/10.1103/PhysRevE.88.032139}
}

@Article{PereiraFalcao2006,
  Title                    = {Normal Heat Conduction in a Chain with a Weak Interparticle Anharmonic Potential},
  Author                   = {Pereira, Emmanuel and Falcao, Ricardo},
  Journal                  = {Phys. Rev. Lett.},
  Year                     = {2006},

  Month                    = {Mar},
  Pages                    = {100601},
  Volume                   = {96},

  Doi                      = {10.1103/PhysRevLett.96.100601},
  Issue                    = {10},
  Numpages                 = {4},
  Publisher                = {American Physical Society},
  Url                      = {https://link.aps.org/doi/10.1103/PhysRevLett.96.100601}
}

@Article{Pettini2005Review,
  Title                    = {Weak and strong chaos in Fermi–Pasta–Ulam models and beyond},
  Author                   = {Marco Pettini and Lapo Casetti and Monica Cerruti-Sola and Roberto Franzosi and E. G. D. Cohen},
  Journal                  = {Chaos: An Interdisciplinary Journal of Nonlinear Science},
  Year                     = {2005},
  Number                   = {1},
  Pages                    = {015106},
  Volume                   = {15},

  Doi                      = {10.1063/1.1849131},
  Eprint                   = { 
 http://dx.doi.org/10.1063/1.1849131
 
},
  Url                      = { 
 http://dx.doi.org/10.1063/1.1849131
 
}
}

@Article{ProsenCampbell2000PRL,
  Title                    = {Momentum Conservation Implies Anomalous Energy Transport in 1D Classical Lattices},
  Author                   = {Prosen, Toma\ifmmode \check{z}\else \v{z}\fi{} and Campbell, David K.},
  Journal                  = {Phys. Rev. Lett.},
  Year                     = {2000},

  Month                    = {Mar},
  Pages                    = {2857--2860},
  Volume                   = {84},

  Doi                      = {10.1103/PhysRevLett.84.2857},
  Issue                    = {13},
  Numpages                 = {0},
  Publisher                = {American Physical Society},
  Url                      = {https://link.aps.org/doi/10.1103/PhysRevLett.84.2857}
}

@Article{RiederLebowitzLieb1967,
  Title                    = {Properties of a Harmonic Crystal in a Stationary Nonequilibrium State},
  Author                   = {Z. Rieder and J. L. Lebowitz and E. Lieb},
  Journal                  = {Journal of Mathematical Physics},
  Year                     = {1967},
  Number                   = {5},
  Pages                    = {1073-1078},
  Volume                   = {8},

  Doi                      = {10.1063/1.1705319},
  Eprint                   = { http://dx.doi.org/10.1063/1.1705319 },
  Url                      = { http://dx.doi.org/10.1063/1.1705319 }
}

@Book{risken1989fokker,
  Title                    = {The Fokker-Planck Equation: Methods of Solution and Applications},
  Author                   = {Risken, H.},
  Publisher                = {Springer-Verlag},
  Year                     = {1989},
  Series                   = {Springer series in synergetics},

  ISBN                     = {9780387504988},
  Lccn                     = {89004059},
  Url                      = {https://books.google.com.br/books?id=n-TDQgAACAAJ}
}

@Article{RochaFilho2011,
  Title                    = {Phase transitions in simplified models with long-range interactions},
  Author                   = {Rocha Filho, T. M. and Amato, M. A. and Mello, B. A. and Figueiredo, A.},
  Journal                  = {Phys. Rev. E},
  Year                     = {2011},

  Month                    = {Oct},
  Pages                    = {041121},
  Volume                   = {84},

  Doi                      = {10.1103/PhysRevE.84.041121},
  Issue                    = {4},
  Numpages                 = {9},
  Publisher                = {American Physical Society},
  Url                      = {https://link.aps.org/doi/10.1103/PhysRevE.84.041121}
}

@Article{RochaFilho2014,
  Title                    = {Dynamics and physical interpretation of quasistationary states in systems with long-range interactions},
  Author                   = {Rocha Filho, T. M. and Amato, M. A. and Santana, A. E. and Figueiredo, A. and Steiner, J. R.},
  Journal                  = {Phys. Rev. E},
  Year                     = {2014},

  Month                    = {Mar},
  Pages                    = {032116},
  Volume                   = {89},

  Doi                      = {10.1103/PhysRevE.89.032116},
  Issue                    = {3},
  Numpages                 = {14},
  Publisher                = {American Physical Society},
  Url                      = {https://link.aps.org/doi/10.1103/PhysRevE.89.032116}
}

@Article{RoyDhar2008,
  Title                    = {Heat Transport in Ordered Harmonic Lattices},
  Author                   = {Roy, Dibyendu and Dhar, Abhishek},
  Journal                  = {Journal of Statistical Physics},
  Year                     = {2008},
  Number                   = {3},
  Pages                    = {535--541},
  Volume                   = {131},

  Doi                      = {10.1007/s10955-008-9487-1},
  ISSN                     = {1572-9613},
  Url                      = {http://dx.doi.org/10.1007/s10955-008-9487-1}
}

@Article{RubinGreer1971,
  Title                    = {Abnormal Lattice Thermal Conductivity of a One-Dimensional, Harmonic, Isotopically Disordered Crystal},
  Author                   = {Robert J. Rubin and William L. Greer},
  Journal                  = {Journal of Mathematical Physics},
  Year                     = {1971},
  Number                   = {8},
  Pages                    = {1686-1701},
  Volume                   = {12},

  Doi                      = {10.1063/1.1665793},
  Eprint                   = { http://dx.doi.org/10.1063/1.1665793 },
  Url                      = { http://dx.doi.org/10.1063/1.1665793 
}
}

@Article{Schuetz2016,
  Title                    = {Dissipation-Assisted Prethermalization in Long-Range Interacting Atomic Ensembles},
  Author                   = {Sch\"utz, Stefan and J\"ager, Simon B. and Morigi, Giovanna},
  Journal                  = {Phys. Rev. Lett.},
  Year                     = {2016},

  Month                    = {Aug},
  Pages                    = {083001},
  Volume                   = {117},

  Doi                      = {10.1103/PhysRevLett.117.083001},
  Issue                    = {8},
  Numpages                 = {5},
  Publisher                = {American Physical Society},
  Url                      = {https://link.aps.org/doi/10.1103/PhysRevLett.117.083001}
}

@Article{Schuetz2014,
  Title                    = {Prethermalization of Atoms Due to Photon-Mediated Long-Range Interactions},
  Author                   = {Sch\"utz, Stefan and Morigi, Giovanna},
  Journal                  = {Phys. Rev. Lett.},
  Year                     = {2014},

  Month                    = {Nov},
  Pages                    = {203002},
  Volume                   = {113},

  Doi                      = {10.1103/PhysRevLett.113.203002},
  Issue                    = {20},
  Numpages                 = {5},
  Publisher                = {American Physical Society},
  Url                      = {https://link.aps.org/doi/10.1103/PhysRevLett.113.203002}
}

@Book{schrodinger1944life,
  Title                    = {What is Life?: The Physical Aspect of the Living Cell},
  Author                   = {Schr{\"o}dinger, E.},
  Publisher                = {The University Press},
  Year                     = {1944},
  Series                   = {What is Life?: The Physical Aspect of the Living Cell},

  Lccn                     = {a45001880},
  Url                      = {https://books.google.com.br/books?id=154CAAAAMAAJ}
}

@Article{SoaresPintoMorgado2006,
  Title                    = {Brownian dynamics, time-averaging and colored noise},
  Author                   = {D.O. Soares-Pinto and W.A.M. Morgado},
  Journal                  = {Physica A: Statistical Mechanics and its Applications },
  Year                     = {2006},
  Number                   = {2},
  Pages                    = {289 - 299},
  Volume                   = {365},

  Doi                      = {http://dx.doi.org/10.1016/j.physa.2006.01.063},
  ISSN                     = {0378-4371},
  Keywords                 = {Time-average},
  Url                      = {//www.sciencedirect.com/science/article/pii/S0378437106001105}
}

@Article{SoaresPintoMorgado2008PRE,
  Title                    = {Exact time-average distribution for a stationary non-Markovian massive Brownian particle coupled to two heat baths},
  Author                   = {Soares-Pinto, D. O. and Morgado, W. A. M.},
  Journal                  = {Phys. Rev. E},
  Year                     = {2008},

  Month                    = {Jan},
  Pages                    = {011103},
  Volume                   = {77},

  Doi                      = {10.1103/PhysRevE.77.011103},
  Issue                    = {1},
  Numpages                 = {10},
  Publisher                = {American Physical Society},
  Url                      = {http://link.aps.org/doi/10.1103/PhysRevE.77.011103}
}

@Book{TomeOliveira2001book,
  Title                    = {Din{\^a}mica Estoc{\'a}stica e Irreversibilidade Vol. 35},
  Author                   = {Tom\'e T. and de Oliveira, M.J.},
  Publisher                = {EDUSP},
  Year                     = {2001},

  ISBN                     = {9788531405952},
  Url                      = {https://books.google.com.br/books?id=OQIwCr9eOd8C}
}

@Article{TamaritAnteneodo2000,
  Title                    = {Rotators with Long-Range Interactions: Connection with the Mean-Field Approximation},
  Author                   = {Tamarit, Francisco and Anteneodo, Celia},
  Journal                  = {Phys. Rev. Lett.},
  Year                     = {2000},

  Month                    = {Jan},
  Pages                    = {208--211},
  Volume                   = {84},

  Doi                      = {10.1103/PhysRevLett.84.208},
  Issue                    = {2},
  Numpages                 = {0},
  Publisher                = {American Physical Society},
  Url                      = {https://link.aps.org/doi/10.1103/PhysRevLett.84.208}
}

@Article{Tehver1998,
  Title                    = {Thermal walls in computer simulations},
  Author                   = {Tehver, Riina and Toigo, Flavio and Koplik, Joel and Banavar, Jayanth R.},
  Journal                  = {Phys. Rev. E},
  Year                     = {1998},

  Month                    = {Jan},
  Pages                    = {R17--R20},
  Volume                   = {57},

  Doi                      = {10.1103/PhysRevE.57.R17},
  Issue                    = {1},
  Numpages                 = {0},
  Publisher                = {American Physical Society},
  Url                      = {https://link.aps.org/doi/10.1103/PhysRevE.57.R17}
}

@Book{Kubo1992statistical,
  Title                    = {Statistical Physics II: Nonequilibrium Statistical Mechanics},
  Author                   = {Toda, M. and Kubo, R. and Sait{\=o}, N. and Hashitsume, N.},
  Publisher                = {Springer Berlin Heidelberg},
  Year                     = {1992},
  Series                   = {Series C, English Authors},

  ISBN                     = {9783540538332},
  Lccn                     = {82005865},
  Url                      = {https://books.google.com.br/books?id=ahrnGNSpsqwC}
}

@Article{Touchette2002,
  Title                    = {When is a quantity additive, and when is it extensive?},
  Author                   = {Hugo Touchette},
  Journal                  = {Physica A: Statistical Mechanics and its Applications},
  Year                     = {2002},
  Note                     = {Non Extensive Thermodynamics and Physical applications},
  Number                   = {1},
  Pages                    = {84 - 88},
  Volume                   = {305},

  Doi                      = {http://dx.doi.org/10.1016/S0378-4371(01)00644-6},
  ISSN                     = {0378-4371},
  Keywords                 = {Additivity},
  Url                      = {http://www.sciencedirect.com/science/article/pii/S0378437101006446}
}

@Book{tsallis2009introduction,
  Title                    = {Introduction to Nonextensive Statistical Mechanics: Approaching a Complex World},
  Author                   = {Tsallis, C.},
  Publisher                = {Springer New York},
  Year                     = {2009},

  ISBN                     = {9780387853581},
  Lccn                     = {2008942520},
  Url                      = {https://books.google.com.br/books?id=K7xOhNeGk6kC}
}

@Book{van2011stochastic,
  Title                    = {Stochastic Processes in Physics and Chemistry},
  Author                   = {Van Kampen, N.G.},
  Publisher                = {Elsevier Science},
  Year                     = {2011},
  Series                   = {North-Holland Personal Library},

  ISBN                     = {9780080475363},
  Url                      = {https://books.google.com.br/books?id=N6II-6HlPxEC}
}

@Article{expWang2007Science,
  Title                    = {Ultrafast Flash Thermal Conductance of Molecular Chains},
  Author                   = {Wang, Zhaohui and Carter, Jeffrey A. and Lagutchev, Alexei and Koh, Yee Kan and Seong, Nak-Hyun and Cahill, David G. and Dlott, Dana D.},
  Journal                  = {Science},
  Year                     = {2007},
  Number                   = {5839},
  Pages                    = {787--790},
  Volume                   = {317},

  Doi                      = {10.1126/science.1145220},
  Eprint                   = {http://science.sciencemag.org/content/317/5839/787.full.pdf},
  ISSN                     = {0036-8075},
  Publisher                = {American Association for the Advancement of Science},
  Url                      = {http://science.sciencemag.org/content/317/5839/787}
}

@Article{Yamaguchi2004,
  Title                    = {Stability criteria of the Vlasov equation and quasi-stationary states of the HMF model},
  Author                   = {Yoshiyuki Y. Yamaguchi and Julien Barr\'{e} and Freddy Bouchet and Thierry Dauxois and Stefano Ruffo},
  Journal                  = {Physica A: Statistical Mechanics and its Applications},
  Year                     = {2004},
  Number                   = {1},
  Pages                    = {36 - 66},
  Volume                   = {337},

  Doi                      = {http://dx.doi.org/10.1016/j.physa.2004.01.041},
  ISSN                     = {0378-4371},
  Keywords                 = {Hamiltonian dynamics},
  Url                      = {http://www.sciencedirect.com/science/article/pii/S0378437104001256}
}

@Article{YangGrassberger2003,
  Title                    = {{Are there really phase transitions in 1-d heat conduction models?}},
  Author                   = {{Yang}, L. and {Grassberger}, P.},
  Journal                  = {eprint arXiv:cond-mat/0306173},
  Year                     = {2003},

  Month                    = jun,

  Adsnote                  = {Provided by the SAO/NASA Astrophysics Data System},
  Adsurl                   = {http://adsabs.harvard.edu/abs/2003cond.mat..6173Y},
  Eprint                   = {cond-mat/0306173},
  Keywords                 = {Condensed Matter - Statistical Mechanics, Condensed Matter - Disordered Systems and Neural Networks, Condensed Matter - Materials Science}
}

@Article{YangHuComment2005,
  Title                    = {Comment on ``Normal Heat Conductivity of the One-Dimensional Lattice with Periodic Potential of Nearest-Neighbor Interaction''},
  Author                   = {Yang, Lei and Hu, Bambi},
  Journal                  = {Phys. Rev. Lett.},
  Year                     = {2005},

  Month                    = {Jun},
  Pages                    = {219404},
  Volume                   = {94},

  Doi                      = {10.1103/PhysRevLett.94.219404},
  Issue                    = {21},
  Numpages                 = {1},
  Publisher                = {American Physical Society},
  Url                      = {https://link.aps.org/doi/10.1103/PhysRevLett.94.219404}
}

@Article{Yoshida1990,
  Title                    = {Construction of higher order symplectic integrators},
  Author                   = {Haruo Yoshida},
  Journal                  = {Physics Letters A},
  Year                     = {1990},
  Number                   = {5},
  Pages                    = {262 - 268},
  Volume                   = {150},

  Doi                      = {http://dx.doi.org/10.1016/0375-9601(90)90092-3},
  ISSN                     = {0375-9601},
  Url                      = {http://www.sciencedirect.com/science/article/pii/0375960190900923}
}

@Article{ZaouiPallaCleriLampin2016PRB,
  Title                    = {Length dependence of thermal conductivity by approach-to-equilibrium molecular dynamics},
  Author                   = {Zaoui, Hayat and Palla, Pier Luca and Cleri, Fabrizio and Lampin, Evelyne},
  Journal                  = {Phys. Rev. B},
  Year                     = {2016},

  Month                    = {Aug},
  Pages                    = {054304},
  Volume                   = {94},

  Doi                      = {10.1103/PhysRevB.94.054304},
  Issue                    = {5},
  Numpages                 = {9},
  Publisher                = {American Physical Society},
  Url                      = {https://link.aps.org/doi/10.1103/PhysRevB.94.054304}
}

